<collection xmlns="http://www.loc.gov/MARC21/slim">
   <record>
      <leader>02408cam a2200469 i 4500</leader>
      <controlfield tag="001">6815496</controlfield>
      <controlfield tag="003">OCoLC</controlfield>
      <controlfield tag="005">20150220154932.0</controlfield>
      <controlfield tag="008">140829t20152015nyu    d      000 1 eng  </controlfield>
      <datafield ind1=" " ind2=" " tag="010">
         <subfield code="a">  2014031153</subfield>
      </datafield>
      <datafield ind1=" " ind2=" " tag="020">
         <subfield code="a">9780399256622 (hardback)</subfield>
      </datafield>
      <datafield ind1=" " ind2=" " tag="020">
         <subfield code="a">0399256628 (hardback)</subfield>
      </datafield>
      <datafield ind1=" " ind2=" " tag="035">
         <subfield code="a">ocn889688388</subfield>
      </datafield>
      <datafield ind1=" " ind2=" " tag="040">
         <subfield code="a">DLC</subfield>
         <subfield code="b">eng</subfield>
         <subfield code="e">rda</subfield>
         <subfield code="c">DLC</subfield>
         <subfield code="d">YDXCP</subfield>
         <subfield code="d">BTCTA</subfield>
         <subfield code="d">UPZ</subfield>
         <subfield code="d">ON3</subfield>
         <subfield code="d">UOK</subfield>
         <subfield code="d">IH7</subfield>
         <subfield code="d">UAB</subfield>
         <subfield code="d">AEU</subfield>
      </datafield>
      <datafield ind1=" " ind2=" " tag="042">
         <subfield code="a">pcc</subfield>
         <subfield code="a">lcac</subfield>
      </datafield>
      <datafield ind1="0" ind2="0" tag="050">
         <subfield code="a">PZ7.J634145</subfield>
         <subfield code="b">Sh 2015</subfield>
      </datafield>
      <datafield ind1="0" ind2="0" tag="082">
         <subfield code="a">[Fic]</subfield>
         <subfield code="2">23</subfield>
      </datafield>
      <datafield ind1=" " ind2=" " tag="084">
         <subfield code="a">JUV028000</subfield>
         <subfield code="a">JUV018000</subfield>
         <subfield code="a">JUV030050</subfield>
         <subfield code="2">bisacsh</subfield>
      </datafield>
      <datafield ind1=" " ind2=" " tag="090">
         <subfield code="a">PZ 7 J634145 Sh 2015</subfield>
         <subfield code="b">AEU</subfield>
      </datafield>
      <datafield ind1="1" ind2=" " tag="100">
         <subfield code="a">Johnson, Maureen,</subfield>
         <subfield code="d">1973-</subfield>
         <subfield code="e">author.</subfield>
         <subfield code="0">http://id.loc.gov/authorities/names/n2003054816</subfield>
         <subfield code="0">http://viaf.org/viaf/77404871</subfield>
      </datafield>
      <datafield ind1="1" ind2="4" tag="245">
         <subfield code="a">The shadow cabinet /</subfield>
         <subfield code="c">Maureen Johnson.</subfield>
      </datafield>
      <datafield ind1=" " ind2="1" tag="264">
         <subfield code="a">New York, NY :</subfield>
         <subfield code="b">G. P. Putnam's Sons, an imprint of Penguin Group (USA),</subfield>
         <subfield code="c">[2015]</subfield>
      </datafield>
      <datafield ind1=" " ind2="4" tag="264">
         <subfield code="c">©2015</subfield>
      </datafield>
      <datafield ind1=" " ind2=" " tag="300">
         <subfield code="a">376 pages ;</subfield>
         <subfield code="c">22 cm.</subfield>
      </datafield>
      <datafield ind1=" " ind2=" " tag="336">
         <subfield code="a">text</subfield>
         <subfield code="2">rdacontent</subfield>
         <subfield code="0">http://id.loc.gov/vocabulary/contentTypes/txt</subfield>
      </datafield>
      <datafield ind1=" " ind2=" " tag="337">
         <subfield code="a">unmediated</subfield>
         <subfield code="2">rdamedia</subfield>
         <subfield code="0">http://id.loc.gov/vocabulary/mediaTypes/n</subfield>
      </datafield>
      <datafield ind1=" " ind2=" " tag="338">
         <subfield code="a">volume</subfield>
         <subfield code="2">rdacarrier</subfield>
         <subfield code="0">http://id.loc.gov/vocabulary/carriers/nc</subfield>
      </datafield>
      <datafield ind1="1" ind2=" " tag="490">
         <subfield code="a">Shades of London ;</subfield>
         <subfield code="v">book 3</subfield>
      </datafield>
      <datafield ind1=" " ind2=" " tag="520">
         <subfield code="a">"Rory, Callum and Boo are still reeling from a series of tragic events, while new dangers lurk around the city from Jane and her nefarious organization"--</subfield>
         <subfield code="c">Provided by publisher.</subfield>
      </datafield>
      <datafield ind1=" " ind2=" " tag="596">
         <subfield code="a">41</subfield>
      </datafield>
      <datafield ind1=" " ind2="0" tag="650">
         <subfield code="a">Boarding schools</subfield>
         <subfield code="v">Fiction.</subfield>
         <subfield code="0">http://id.loc.gov/authorities/subjects/sh2007102067</subfield>
      </datafield>
      <datafield ind1=" " ind2="0" tag="650">
         <subfield code="a">Schools</subfield>
         <subfield code="v">Fiction.</subfield>
         <subfield code="0">http://id.loc.gov/authorities/subjects/sh2008111268</subfield>
      </datafield>
      <datafield ind1=" " ind2="0" tag="650">
         <subfield code="a">Murder</subfield>
         <subfield code="v">Fiction.</subfield>
         <subfield code="0">http://id.loc.gov/authorities/subjects/sh2008107179</subfield>
      </datafield>
      <datafield ind1=" " ind2="0" tag="650">
         <subfield code="a">Ghost stories.</subfield>
         <subfield code="0">http://id.loc.gov/authorities/subjects/sh85054811</subfield>
      </datafield>
      <datafield ind1=" " ind2="0" tag="651">
         <subfield code="a">London (England)</subfield>
         <subfield code="v">Fiction.</subfield>
         <subfield code="0">http://id.loc.gov/authorities/subjects/sh2008106611</subfield>
      </datafield>
      <datafield ind1=" " ind2="0" tag="651">
         <subfield code="a">England</subfield>
         <subfield code="v">Fiction.</subfield>
      </datafield>
      <datafield ind1=" " ind2=" " tag="758">
         <subfield code="0">http://worldcat.org/entity/work/id/23907507</subfield>
      </datafield>
      <datafield ind1="0" ind2=" " tag="787">
         <subfield code="n">OCLC Work Id</subfield>
         <subfield code="o">http://worldcat.org/entity/work/id/23907507</subfield>
      </datafield>
      <datafield ind1="1" ind2=" " tag="800">
         <subfield code="a">Johnson, Maureen,</subfield>
         <subfield code="d">1973-</subfield>
         <subfield code="t">Shades of London ;</subfield>
         <subfield code="v">bk. 3.</subfield>
      </datafield>
      <datafield ind1="4" ind2="2" tag="856">
         <subfield code="3">Cover image</subfield>
         <subfield code="u">ftp://ppftpuser:welcome@ftp01.penguingroup.com/Booksellers_and_Media/Covers/2008_2009_New_Covers/9780399256622.jpg</subfield>
      </datafield>
      <datafield ind1=" " ind2=" " tag="949">
         <subfield code="a">PZ 7 J634145 Sh 2015</subfield>
         <subfield code="h">UAED-CU-B</subfield>
         <subfield code="i">0162035248531</subfield>
      </datafield>
      <datafield ind1=" " ind2=" " tag="926">
         <subfield code="a">PZ 7 J634145 Sh 2015</subfield>
         <subfield code="w">LC</subfield>
         <subfield code="c">1</subfield>
         <subfield code="i">0162035248531</subfield>
         <subfield code="d">2/6/2017</subfield>
         <subfield code="e">2/2/2017</subfield>
         <subfield code="l">CURRICULUM</subfield>
         <subfield code="m">UAEDUC</subfield>
         <subfield code="n">2</subfield>
         <subfield code="p">$150.00</subfield>
         <subfield code="r">Y</subfield>
         <subfield code="s">Y</subfield>
         <subfield code="t">BOOK</subfield>
         <subfield code="u">3/4/2015</subfield>
      </datafield>
   </record>
</collection>
